@book{nam,
  title={Data Communications and Networking},
  author={Forouzan, B.A. and Fegan, S.C.},
  isbn={9780072923544},
  lccn={2003011267},
  series={McGraw-Hill Forouzan networking series},
  year={2004},
  publisher={McGraw-Hill Higher Education}
}
